<record><leader>00000cas a22000007a 4500</leader><controlfield tag="001">21124732</controlfield><controlfield tag="008">900226d18911897mouwr ne      0    0eng d</controlfield><datafield ind1=" " ind2=" " tag="010"><subfield code="a">sn 90061300 </subfield></datafield><datafield ind1=" " ind2=" " tag="040"><subfield code="a">MQN</subfield><subfield code="b">eng</subfield><subfield code="c">MQN</subfield><subfield code="d">OCLCQ</subfield><subfield code="d">WAU</subfield><subfield code="d">OCLCF</subfield></datafield><datafield ind1="1" ind2=" " tag="029"><subfield code="a">AU@</subfield><subfield code="b">000020593910</subfield></datafield><datafield ind1=" " ind2=" " tag="042"><subfield code="a">msc</subfield></datafield><datafield ind1="0" ind2="0" tag="245"><subfield code="a">Mound City times.</subfield></datafield><datafield ind1=" " ind2=" " tag="260"><subfield code="a">Mound City, Holt County, Mo. :</subfield><subfield code="b">Carr &amp; Curnutt</subfield></datafield><datafield ind1=" " ind2=" " tag="300"><subfield code="a">v.</subfield></datafield><datafield ind1=" " ind2=" " tag="310"><subfield code="a">Weekly</subfield></datafield><datafield ind1="1" ind2=" " tag="362"><subfield code="a">Began in 1891? Ceased in 1897.</subfield></datafield><datafield ind1=" " ind2=" " tag="580"><subfield code="a">Merged with: Craig courier, and: Holt County democrat, to form: Democrat-courier?</subfield></datafield><datafield ind1=" " ind2=" " tag="588"><subfield code="a">Description based on: Vol. 1, no. 6 (Mar. 13, 1891).</subfield></datafield><datafield ind1=" " ind2="0" tag="651"><subfield code="a">Mound City (Holt County, Mo.)</subfield><subfield code="v">Newspapers.</subfield></datafield><datafield ind1=" " ind2="7" tag="655"><subfield code="a">Newspapers.</subfield><subfield code="2">fast</subfield><subfield code="0">(OCoLC)fst01423814</subfield></datafield><datafield ind1=" " ind2="7" tag="651"><subfield code="a">Missouri</subfield><subfield code="z">Mound City (Holt County)</subfield><subfield code="2">fast</subfield><subfield code="0">(OCoLC)fst01835346</subfield></datafield><datafield ind1=" " ind2=" " tag="752"><subfield code="a">United States</subfield><subfield code="b">Missouri</subfield><subfield code="c">Holt</subfield><subfield code="d">Mound City.</subfield></datafield><datafield ind1="1" ind2="7" tag="785"><subfield code="t">Craig courier</subfield></datafield><datafield ind1="1" ind2="7" tag="785"><subfield code="t">Holt County democrat</subfield><subfield code="w">(DLC)sn 92058858</subfield></datafield><datafield ind1="1" ind2="7" tag="785"><subfield code="t">Democrat-courier</subfield></datafield></record>